@techreport{rfc_aodv,
    AUTHOR       = {C. Perkins, E. Belding-Royer and S. Das},
    TITLE        = { Ad hoc On-Demand Distance Vector (AODV) Routing},
    HOWPUBLISHED = {Internet Requests for Comments},
    TYPE         = {RFC},
    NUMBER       = 3561,
    PAGES        = {1-36},
    YEAR         = {2003},
    MONTH        = {July},
    PUBLISHER    = {RFC Editor},
    INSTITUTION  = {RFC Editor},
    URL          = {http://http://www.rfc-editor.org/rfc/rfc3561.txt}
}

@misc{idf,
  title        = {{ESP-IDF Programming Guide}},
  howpublished = {\url{https://docs.espressif.com/projects/esp-idf/en/v3.3.1/}},
  organisation = {Espressif},
  key          = {idf},
  note         = {Accessed: 04-06-2020}
}

@misc{aruino-esp32,
  title        = {Arduino core for the ESP32},
  howpublished = {\url{https://github.com/espressif/arduino-esp32}},
  organisation = {Espressif},
  key          = {arduino-esp32},
  note         = {Accessed: 04-06-2020}
}

@misc{esp-mesh,
  title        = {{ESP-MESH api guide}},
  howpublished = {\url{https://docs.espressif.com/projects/esp-idf/en/v3.3.1/api-guides/mesh.html}},
  organisation = {Espressif},
  key          = {esp-mesh},
  note         = {Accessed: 04-06-2020}
}

@misc{esp32-gettingStarted,
  title        = {{ESP32-DevKitC V4 Getting Started Guide}},
  howpublished = {\url{https://docs.espressif.com/projects/esp-idf/en/latest/hw-reference/get-started-devkitc.html}},
  organisation = {Espressif},
  key          = {esp32-gettingStarted},
  note         = {Accessed: 04-06-2020}
}

@manual{esp32-datasheet,
    organization  = {Espressif Systems},
    title         = {ESP32 Series Datasheet},
    year          =  2020,
    howpublished  = {\url{https://www.espressif.com/sites/default/files/documentation/esp32_datasheet_en.pdf}},
    key           = {esp32-datasheet},
    note          = {Rev: 3.4}
}

@manual{esp32-WROOM-32-datasheet,
    organization  = {Espressif Systems},
    title         = {ESP32-WROOM-32 Datasheet},
    year          =  2019,
    howpublished  = {\url{https://www.espressif.com/sites/default/files/documentation/esp32-wroom-32_datasheet_en.pdf}},
    key           = {esp32-WROOM-32-datasheet},
    note          = {Rev: 2.9}
}

@misc{micropython,
  title        = {{MicroPython}},
  howpublished = {\url{https://micropython.org/}},
  organisation = {George Robotics Ltd},
  key          = {micropython},
  note         = {Accessed: 04-06-2020}
}

@misc{loop_aodv,
  title   = {Sequence numbers do not guarantee loop freedom: AODV can yield routing loops},
  author  = {Van Glabbeek, Rob and H{\"o}fner, Peter and Tan, Wee Lum and Portmann, Marius},
  year    = {2013}
}

@techreport{rfc_olsr,
    AUTHOR       = "T. Clausen and P. Jacquet",
    TITLE        = "{Optimized Link State Routing Protocol (OLSR)}",
    HOWPUBLISHED = {Internet Requests for Comments},
    TYPE         = {RFC},
    NUMBER       = 3626,
    PAGES        = {1-75},
    YEAR         = {2003},
    MONTH        = {October},
    PUBLISHER    = {RFC Editor},
    INSTITUTION  = {RFC Editor},
    URL          = {http://http://www.rfc-editor.org/rfc/rfc3626.txt}
}

@techreport{rfc_dsr,
    AUTHOR = "D. Johnson, Y. Hu and D. Maltz",
    TITLE = "{The Dynamic Source Routing Protocol (DSR) for Mobile Ad Hoc Networks for IPv4}",
    HOWPUBLISHED = {Internet Requests for Comments},
    TYPE="{RFC}",
    NUMBER=4728,
    PAGES = {1-107},
    YEAR = {2007},
    MONTH = {February},
    PUBLISHER = "{RFC Editor}",
    INSTITUTION = "{RFC Editor}",
    URL={http://http://www.rfc-editor.org/rfc/rfc4728.txt}
}

@misc{batman,
  title        = {{Protocole B.A.T.M.A.N}},
  howpublished = {\url{https://fr.wikipedia.org/wiki/BATMAN_(protocole)}},
  organisation = {Wikip√©dia},
  key          = {batman},
  note         = {Accessed: 28-02-2020}
}

@misc{dsdv,
  title        = {{Protocole DSDV}},
  howpublished = {\url{https://en.wikipedia.org/wiki/Destination-Sequenced_Distance_Vector_routing}},
  key          = {dsdv},
  note         = {Accessed: 8-03-2020]}
}

@misc{wireshark_doc,
  title        = {{Chapter 9. Packet Dissection}},
  howpublished = {\url{https://www.wireshark.org/docs/wsdg_html_chunked/ChapterDissection.html}},
  key          = {wireshark_doc},
  note         = {Accessed: 8-03-2020]}
}
%%%% not use %%%%
@misc{olsr_neighborDiscovery,
  title        = {{OLSR neighbor discovery}},
  howpublished = {\url{http://www.olsr.org/docs/report_html/node34.html}},
  key          = {olsr_neighborDiscovery},
  note         = {Accessed: 24-12-2019}
}

@article{dsr_for_adHoc_network,
  title   = {The Dynamic Source Routing Protocol for Multi-Hop Ad Hoc Networks},
  author  = {Maltz, D},
  journal = {Nov},
  volume  = {5},
  pages   = {47},
  year    = {1999}
}