@misc{esp-mesh_w,
  title = {{ESP-MESH api guide}},
  howpublished = "\url{https://docs.espressif.com/projects/esp-idf/en/latest/api-guides/mesh.html/}",
  organisation={Espressif},
  year = {2018}, 
  note = "[Accès en ligne le 11 décembre 2019]"
}

@misc{micropython_w,
  title = {{MicroPython}},
  howpublished = "\url{https://micropython.org/}",
  organisation={George Robotics Ltd},
  year = {2018}, 
  note = "[Accès en ligne le 11 décembre 2019]"
}